%% This BibTeX bibliography file was created using BibDesk.
%% http://bibdesk.sourceforge.net/


%% Created for Thomas Mellergaard Amby at 2014-09-30 14:50:34 +0200 


%% Saved with string encoding Unicode (UTF-8) 



@book{Adams1997,
	Author = {Steve {Adams}},
	Date-Added = {2014-09-30 12:48:50 +0000},
	Date-Modified = {2014-09-30 12:50:00 +0000},
	Publisher = {Taylor & Francis},
	Title = {Relativity An introduction to space-time physics},
	Year = {1997}}

@inbook{YF2005,
	Author = {{Young} and {Friedman}},
	Date-Added = {2014-09-30 11:15:25 +0000},
	Date-Modified = {2014-09-30 12:50:33 +0000},
	Pages = {1403 ff},
	Publisher = {Parson Wesley},
	Title = {University Physics with Modern Physics},
	Year = {2005}}
